@article{almudevar2000exact,
  title={Exact confidence regions for species assignment based on DNA markers},
  author={Almudevar, Anthony},
  journal={Canadian Journal of Statistics},
  volume={28},
  number={1},
  pages={81--95},
  year={2000},
  publisher={Wiley Online Library}
}

@article{paetkau1995microsatellite,
  title={Microsatellite analysis of population structure in Canadian polar bears},
  author={Paetkau, D and Calvert, W and Stirling, I and Strobeck, C},
  journal={Molecular ecology},
  volume={4},
  number={3},
  pages={347--354},
  year={1995},
  publisher={Wiley Online Library}
}

@article{wilson2003bayesian,
  title={Bayesian inference of recent migration rates using multilocus genotypes},
  author={Wilson, Gregory A and Rannala, Bruce},
  journal={Genetics},
  volume={163},
  number={3},
  pages={1177--1191},
  year={2003},
  publisher={Oxford University Press}
}

@article{huestis2019windborne,
  title={Windborne long-distance migration of malaria mosquitoes in the Sahel},
  author={Huestis, Diana L and Dao, Adama and Diallo, Moussa and Sanogo, Zana L and Samake, Djibril and Yaro, Alpha S and Ousman, Yossi and Linton, Yvonne-Marie and Krishna, Asha and Veru, Laura and others},
  journal={Nature},
  volume={574},
  number={7778},
  pages={404--408},
  year={2019},
  publisher={Nature Publishing Group UK London}
}

@article{pritchard2000inference,
  title={Inference of population structure using multilocus genotype data},
  author={Pritchard, Jonathan K and Stephens, Matthew and Donnelly, Peter},
  journal={Genetics},
  volume={155},
  number={2},
  pages={945--959},
  year={2000},
  publisher={Oxford University Press}
}

@article{beerli2004effect,
  title={Effect of unsampled populations on the estimation of population sizes and migration rates between sampled populations},
  author={Beerli, Peter},
  journal={Molecular ecology},
  volume={13},
  number={4},
  pages={827--836},
  year={2004},
  publisher={Wiley Online Library}
}

@article{vaha2006efficiency,
  title={Efficiency of model-based Bayesian methods for detecting hybrid individuals under different hybridization scenarios and with different numbers of loci},
  author={V{\"a}h{\"a}, Juha-Pekka and Primmer, Craig R},
  journal={Molecular Ecology},
  volume={15},
  number={1},
  pages={63--72},
  year={2006},
  publisher={Wiley Online Library}
}

@article{anderson2008improved,
  title={An improved method for predicting the accuracy of genetic stock identification},
  author={Anderson, Eric C and Waples, Robin S and Kalinowski, Steven T},
  journal={Canadian Journal of Fisheries and Aquatic Sciences},
  volume={65},
  number={7},
  pages={1475--1486},
  year={2008}
}

@article{latch2011fine,
  title={Fine-scale analysis reveals cryptic landscape genetic structure in desert tortoises},
  author={Latch, Emily K and Boarman, William I and Walde, Andrew and Fleischer, Robert C},
  journal={PLoS one},
  volume={6},
  number={11},
  pages={e27794},
  year={2011},
  publisher={Public Library of Science San Francisco, USA}
}

@Manual{Rcoreteam,
    title = {R: A Language and Environment for Statistical Computing},
    author = {{R Core Team}},
    organization = {R Foundation for Statistical Computing},
    address = {Vienna, Austria},
    year = {2023},
    url = {https://www.R-project.org/},
  }

@article{moran2019bayesian,
  title={Bayesian inference from the conditional genetic stock identification model},
  author={Moran, Benjamin M and Anderson, Eric C},
  journal={Canadian Journal of Fisheries and Aquatic Sciences},
  volume={76},
  number={4},
  pages={551--560},
  year={2019},
  publisher={NRC Research Press}
}

@article{alexander2009fast,
  title={Fast model-based estimation of ancestry in unrelated individuals},
  author={Alexander, David H and Novembre, John and Lange, Kenneth},
  journal={Genome research},
  volume={19},
  number={9},
  pages={1655--1664},
  year={2009},
  publisher={Cold Spring Harbor Lab}
}

@article{purcell2007plink,
  title={PLINK: a tool set for whole-genome association and population-based linkage analyses},
  author={Purcell, Shaun and Neale, Benjamin and Todd-Brown, Kathe and Thomas, Lori and Ferreira, Manuel AR and Bender, David and Maller, Julian and Sklar, Pamela and De Bakker, Paul IW and Daly, Mark J and others},
  journal={The American journal of human genetics},
  volume={81},
  number={3},
  pages={559--575},
  year={2007},
  publisher={Elsevier}
}

@article{estoup2010reconstructing,
  title={Reconstructing routes of invasion using genetic data: why, how and so what?},
  author={Estoup, Arnaud and Guillemaud, Thomas},
  journal={Molecular ecology},
  volume={19},
  number={19},
  pages={4113--4130},
  year={2010},
  publisher={Wiley Online Library}
}


@article{nielsen2006hybridlab,
  title={HYBRIDLAB (version 1.0): a program for generating simulated hybrids from population samples},
  author={Nielsen, Einar Eg and Bach, Lars Arve and Kotlicki, Piotr},
  journal={Molecular Ecology Notes},
  volume={6},
  number={4},
  pages={971--973},
  year={2006},
  publisher={Wiley Online Library}
}

@article{kinziger2008hybridization,
  title={Hybridization between spring-and fall-run Chinook salmon returning to the Trinity River, California},
  author={Kinziger, Andrew P and Loudenslager, Eric J and Hankin, David G and Anderson, Eric C and Garza, John Carlos},
  journal={North American Journal of Fisheries Management},
  volume={28},
  number={5},
  pages={1426--1438},
  year={2008},
  publisher={Taylor \& Francis}
}

@article{wringe2019development,
  title={Development and evaluation of SNP panels for the detection of hybridization between wild and escaped Atlantic salmon (Salmo salar) in the western Atlantic},
  author={Wringe, Brendan F and Anderson, Eric C and Jeffery, Nicholas W and Stanley, Ryan RE and Bradbury, Ian R},
  journal={Canadian journal of fisheries and aquatic sciences},
  volume={76},
  number={5},
  pages={695--704},
  year={2019},
  publisher={NRC Research Press}
}


@article{baetscher2018microhaplotypes,
  title={Microhaplotypes provide increased power from short-read DNA sequences for relationship inference},
  author={Baetscher, Diana S and Clemento, Anthony J and Ng, Thomas C and Anderson, Eric C and Garza, John C},
  journal={Molecular Ecology Resources},
  volume={18},
  number={2},
  pages={296--305},
  year={2018},
  publisher={Wiley Online Library}
}

@article{zhan2017megasat,
  title={MEGASAT: automated inference of microsatellite genotypes from sequence data},
  author={Zhan, Luyao and Paterson, Ian G and Fraser, Bonnie A and Watson, Beth and Bradbury, Ian R and Nadukkalam Ravindran, Praveen and Reznick, David and Beiko, Robert G and Bentzen, Paul},
  journal={Molecular Ecology Resources},
  volume={17},
  number={2},
  pages={247--256},
  year={2017},
  publisher={Wiley Online Library}
}

@article{rizza2023limited,
  title={Limited, asymmetric hybridization between coastal cutthroat trout and steelhead in a Northern California river},
  author={Rizza, Samuel F and Wilzbach, Margaret A and Kinziger, Andrew P and Anderson, Eric C and Carlos Garza, John},
  journal={Journal of Heredity},
  volume={114},
  number={3},
  pages={219--230},
  year={2023},
  publisher={Oxford University Press US}
}


@article{pearse2019sex,
  title={Sex-dependent dominance maintains migration supergene in rainbow trout},
  author={Pearse, Devon E and Barson, Nicola J and Nome, Torfinn and Gao, Guangtu and Campbell, Matthew A and Abad{\'\i}a-Cardoso, Alicia and Anderson, Eric C and Rundio, David E and Williams, Thomas H and Naish, Kerry A and others},
  journal={Nature ecology \& evolution},
  volume={3},
  number={12},
  pages={1731--1742},
  year={2019},
  publisher={Nature Publishing Group UK London}
}

@article{palti2015development,
  title={The development and characterization of a 57 K single nucleotide polymorphism array for rainbow trout},
  author={Palti, Y and Gao, G and Liu, S and Kent, MP and Lien, S and Miller, MR and Rexroad III, CE and Moen, T},
  journal={Molecular ecology resources},
  volume={15},
  number={3},
  pages={662--672},
  year={2015},
  publisher={Wiley Online Library}
}

@article{anderson2002model,
  title={A model-based method for identifying species hybrids using multilocus genetic data},
  author={Anderson, EC and Thompson, EA},
  journal={Genetics},
  volume={160},
  number={3},
  pages={1217--1229},
  year={2002},
  publisher={Oxford University Press}
}


@article{tortereau2012high,
  title={A high density recombination map of the pig reveals a correlation between sex-specific recombination and GC content},
  author={Tortereau, Flavie and Servin, Bertrand and Frantz, Laurent and Megens, Hendrik-Jan and Milan, Denis and Rohrer, Gary and Wiedmann, Ralph and Beever, Jonathan and Archibald, Alan L and Schook, Lawrence B and others},
  journal={BMC genomics},
  volume={13},
  number={1},
  pages={1--12},
  year={2012},
  publisher={BioMed Central}
}
